<?xml version="1.0" encoding="UTF-8"?><record xmlns="http://www.loc.gov/MARC21/slim" xmlns:cinclude="http://apache.org/cocoon/include/1.0" xmlns:zs="http://www.loc.gov/zing/srw/">
  <leader>00465nz  a2200121n  4500</leader>
  <controlfield tag="001">n 2010035611</controlfield>
  <controlfield tag="003">DLC</controlfield>
  <controlfield tag="005">20100604075009.0</controlfield>
  <controlfield tag="008">100603n| acannaabn          |n aaa      </controlfield>
  <datafield tag="010" ind1=" " ind2=" ">
    <subfield code="a">n 2010035611</subfield>
  </datafield>
  <datafield tag="040" ind1=" " ind2=" ">
    <subfield code="a">DLC</subfield>
    <subfield code="b">eng</subfield>
    <subfield code="c">DLC</subfield>
  </datafield>
  <datafield tag="100" ind1="1" ind2=" ">
    <subfield code="a">Schwab, Adam</subfield>
  </datafield>
  <datafield tag="670" ind1=" " ind2=" ">
    <subfield code="a">Schwab, Adam. Pigs at the trough, 2010:</subfield>
    <subfield code="b">t.p. (Adam Schwab) p. v (corporate lawyer, financial journalist, business commentator, corporate governance adviser to Australia's largest institutions and fund managers)</subfield>
  </datafield>
</record>